<record><leader>00000cas a2200000 a 4500</leader><controlfield tag="001">11539406</controlfield><controlfield tag="008">850102d19681969nyusr ne      0    0eng d</controlfield><datafield ind1=" " ind2=" " tag="010"><subfield code="a">sn 93063617 </subfield></datafield><datafield ind1=" " ind2=" " tag="040"><subfield code="a">ZQM</subfield><subfield code="b">eng</subfield><subfield code="c">ZQM</subfield><subfield code="d">NYS</subfield><subfield code="d">OCL</subfield><subfield code="d">OCLCQ</subfield><subfield code="d">OCLCO</subfield></datafield><datafield ind1="0" ind2=" " tag="041"><subfield code="a">engmoh</subfield></datafield><datafield ind1=" " ind2=" " tag="042"><subfield code="a">msc</subfield></datafield><datafield ind1=" " ind2=" " tag="043"><subfield code="a">n-us-ny</subfield><subfield code="a">n-cn-qu</subfield><subfield code="a">n-cn-on</subfield></datafield><datafield ind1=" " ind2=" " tag="090"><subfield code="a">E99.M8</subfield><subfield code="b">A37</subfield></datafield><datafield ind1="0" ind2="0" tag="245"><subfield code="a">Akwesasne news.</subfield></datafield><datafield ind1=" " ind2=" " tag="260"><subfield code="a">Mohawk Nation :</subfield><subfield code="b">[s.n.],</subfield><subfield code="c">1968-1969.</subfield></datafield><datafield ind1=" " ind2=" " tag="300"><subfield code="a">1 v. :</subfield><subfield code="b">ill. ;</subfield><subfield code="c">36 cm.</subfield></datafield><datafield ind1=" " ind2=" " tag="310"><subfield code="a">Semimonthly</subfield></datafield><datafield ind1="0" ind2=" " tag="362"><subfield code="a">[Vol. 1, issue 1 (Dec. 1968)]-v. 1, issue 14 (Aug. 1-15, 1969).</subfield></datafield><datafield ind1=" " ind2=" " tag="500"><subfield code="a">Editor: Joanne N. Reyome, Hogansburg, N.Y.</subfield></datafield><datafield ind1=" " ind2=" " tag="500"><subfield code="a">Year designation begins with vol. 1, issue 7 (Mar. 15-31, 1969).</subfield></datafield><datafield ind1=" " ind2=" " tag="515"><subfield code="a">Numbering begins with vol. 1, issue 5.</subfield></datafield><datafield ind1=" " ind2=" " tag="515"><subfield code="a">Issues 9-10 issued together as Apr. 15-30, 1969.</subfield></datafield><datafield ind1=" " ind2=" " tag="515"><subfield code="a">Not issued in July 1969.</subfield></datafield><datafield ind1=" " ind2=" " tag="546"><subfield code="a">Text in English and Mohawk.</subfield></datafield><datafield ind1=" " ind2="0" tag="650"><subfield code="a">Indians of North America</subfield><subfield code="v">Newspapers.</subfield></datafield><datafield ind1=" " ind2="0" tag="650"><subfield code="a">Mohawk Indians</subfield><subfield code="v">Newspapers.</subfield></datafield><datafield ind1=" " ind2="0" tag="651"><subfield code="a">Saint Regis Mohawk Indian Reservation (N.Y.)</subfield><subfield code="v">Newspapers.</subfield></datafield><datafield ind1=" " ind2="0" tag="651"><subfield code="a">Akwesasne Indian Reserve (Que&#769;bec and Ont.)</subfield><subfield code="v">Newspapers.</subfield></datafield><datafield ind1=" " ind2="0" tag="651"><subfield code="a">Hogansburg (N.Y.)</subfield><subfield code="v">Newspapers.</subfield></datafield><datafield ind1=" " ind2="0" tag="651"><subfield code="a">Franklin County (N.Y.)</subfield><subfield code="v">Newspapers.</subfield></datafield><datafield ind1=" " ind2=" " tag="752"><subfield code="a">United States</subfield><subfield code="b">New York</subfield><subfield code="c">Franklin</subfield><subfield code="d">Hogansburg.</subfield></datafield><datafield ind1=" " ind2=" " tag="752"><subfield code="a">United States</subfield><subfield code="b">New York</subfield><subfield code="c">Franklin</subfield><subfield code="d">Akwesasne.</subfield></datafield></record>